<record><leader>00000cas a22000007a 4500</leader><controlfield tag="001">12401958</controlfield><controlfield tag="008">850820d18431851pauwr ne      0    0eng d</controlfield><datafield ind1=" " ind2=" " tag="010"><subfield code="a">sn 85038440 </subfield></datafield><datafield ind1=" " ind2=" " tag="040"><subfield code="a">NPY</subfield><subfield code="b">eng</subfield><subfield code="c">NPY</subfield><subfield code="d">NPH</subfield><subfield code="d">NPX</subfield><subfield code="d">OCLCQ</subfield></datafield><datafield ind1=" " ind2=" " tag="042"><subfield code="a">msc</subfield></datafield><datafield ind1="0" ind2="0" tag="245"><subfield code="a">Potter pioneer.</subfield></datafield><datafield ind1=" " ind2=" " tag="260"><subfield code="a">Coudersport, Pa.,</subfield><subfield code="c">C.B. Cotter</subfield></datafield><datafield ind1=" " ind2=" " tag="300"><subfield code="a">v. ;</subfield><subfield code="c">45 cm.</subfield></datafield><datafield ind1=" " ind2=" " tag="310"><subfield code="a">Weekly</subfield></datafield><datafield ind1="0" ind2=" " tag="362"><subfield code="a">Vol. 2, no. 1 (May 26, 1843)-</subfield></datafield><datafield ind1="1" ind2=" " tag="362"><subfield code="a">Ceased in Feb. 1851?</subfield><subfield code="z">Cf. Rossell, G.E. Pa. newspapers.</subfield></datafield><datafield ind1=" " ind2=" " tag="752"><subfield code="a">United States</subfield><subfield code="b">Pennsylvania</subfield><subfield code="c">Potter</subfield><subfield code="d">Coudersport.</subfield></datafield><datafield ind1="0" ind2="0" tag="780"><subfield code="t">Democratic Republican (Coudersport, Pa.)</subfield><subfield code="w">(DLC)sn 85038439</subfield></datafield><datafield ind1="0" ind2="0" tag="785"><subfield code="t">Potter union</subfield><subfield code="w">(DLC)sn 86081084</subfield></datafield></record>